@techreport{IDF2024,
  author = {{International Diabetes Federation}},
  title = {IDF Diabetes Atlas 11th Edition},
  institution = {International Diabetes Federation},
  address = {Brussels},
  year = {2024}
}

@techreport{WHO2023,
  author = {{World Health Organization}},
  title = {Global Report on Diabetes},
  institution = {World Health Organization},
  address = {Geneva},
  year = {2023}
}

@techreport{KSI2020,
  author = {{Knowledge Sourcing Intelligence}},
  title = {Indonesia Diabetes Devices (SMBG \& POCT, CGM, Insulin Pens \& Pumps) Market Outlook to 2023},
  year = {2020}
}

@article{Battelino2019,
  author = {Battelino, T. and Danne, T. and Bergenstal, R. M. and others},
  title = {Clinical Targets for Continuous Glucose Monitoring Data Interpretation},
  journal = {Diabetes Care},
  volume = {42},
  number = {8},
  pages = {1593--1603},
  year = {2019}
}

@article{Woldaregay2019,
  author = {Woldaregay, A. Z. and {\AA}rsand, E. and Walderhaug, S. and others},
  title = {Data-Driven Modeling and Prediction of Blood Glucose Dynamics: Machine Learning Applications in Type 1 Diabetes},
  journal = {Artificial Intelligence in Medicine},
  volume = {98},
  pages = {109--134},
  year = {2019}
}

@article{Bruynseels2018,
  author = {Bruynseels, K. and Santoni de Sio, F. and van den Hoven, J.},
  title = {Digital Twins in Health Care: Ethical Implications of an Emerging Engineering Paradigm},
  journal = {Frontiers in Genetics},
  volume = {9},
  pages = {31},
  year = {2018}
}

@article{Rad2024,
  author = {Rad, F. S. and Hendawi, R. and Yang, X. and Li, J.},
  title = {Personalized Diabetes Management with Digital Twins: A Patient-Centric Knowledge Graph Approach},
  journal = {Journal of Personalized Medicine},
  volume = {14},
  number = {4},
  pages = {359},
  year = {2024}
}

@article{Zhang2024,
  author = {Zhang, X. and others},
  title = {A Framework Towards Digital Twins for Type 2 Diabetes},
  journal = {Frontiers in Digital Health},
  volume = {6},
  pages = {1336050},
  year = {2024}
}

@article{Cappon2024,
  author = {Cappon, G. and Facchinetti, A. and Sparacino, G.},
  title = {Digital Twins in Type 1 Diabetes: A Systematic Review},
  journal = {npj Digital Medicine},
  volume = {7},
  number = {1},
  pages = {55--68},
  year = {2024}
}

@article{Harahap2024,
  author = {Harahap, N. C. and Handayani, P. W. and Hidayanto, A. N. and Budi, I.},
  title = {An Exploratory Study of Electronic Medical Record Implementation and Recordkeeping Culture: The Case of Hospitals in Indonesia},
  journal = {BMC Health Services Research},
  volume = {24},
  pages = {199},
  year = {2024}
}

@article{Aisyah2024,
  author = {Aisyah, D. N. and Setiawan, A. H. and Lokopessy, A. F. and Faradiba, N. and Setiaji, S. and Manikam, L. and Kozlakidis, Z.},
  title = {The Information and Communication Technology Maturity Assessment at Primary Health Care Services Across 9 Provinces in Indonesia: Evaluation Study},
  journal = {JMIR Medical Informatics},
  volume = {12},
  pages = {e55959},
  year = {2024}
}

@article{Harahap2023,
  author = {Harahap, N. C. and Handayani, P. W. and Hidayanto, A. N.},
  title = {Integrated Personal Health Record in Indonesia: Design Science Research Study},
  journal = {JMIR Medical Informatics},
  volume = {11},
  pages = {e44784},
  year = {2023}
}

@article{Ramadaniati2024,
  author = {Ramadaniati, H. U. and Anggriani, Y. and Lepeska, M. and Beran, D. and Ewen, M.},
  title = {Availability, Price and Affordability of Insulin, Delivery Devices and Self-Monitoring Blood Glucose Devices in Indonesia},
  journal = {PLOS ONE},
  volume = {19},
  number = {10},
  pages = {e0309350},
  year = {2024}
}

@article{Abodunrin2020,
  author = {Abodunrin, O. and Akande, T. and Osagbemi, G.},
  title = {Awareness and Perception Toward Electronic Health Records Among Healthcare Professionals in a Developing Country},
  journal = {Health Information Management Journal},
  volume = {49},
  number = {2-3},
  pages = {98--107},
  year = {2020}
}

@misc{BPBI,
  author = {{Badan Pengembangan dan Pembinaan Bahasa}},
  title = {Penggunaan Kata "Di Mana"},
  url = {https://badanbahasa.kemdikbud.go.id},
  year = {2023}
}

@book{laudon2020,
  author = {Laudon, Kenneth C. and Laudon, Jane P.},
  title = {Sistem Informasi Manajemen},
  publisher = {Pearson Education},
  address = {Jakarta},
  year = {2020}
}

@book{pressman2019,
  author = {Pressman, Roger S.},
  title = {Rekayasa Perangkat Lunak: Pendekatan Praktisi},
  publisher = {McGraw-Hill Education},
  address = {Yogyakarta},
  year = {2019}
}

@report{Riskesdas2018,
  author       = {Kementerian Kesehatan Republik Indonesia},
  title        = {Laporan Nasional Riset Kesehatan Dasar (Riskesdas) 2018},
  institution  = {Badan Penelitian dan Pengembangan Kesehatan, Kementerian Kesehatan RI},
  year         = {2019},
  address      = {Jakarta, Indonesia},
  url          = {https://www.litbang.kemkes.go.id/laporan-riset-kesehatan-dasar-riskesdas-2018/},
  note         = {Menunjukkan sebagian besar kasus diabetes di Indonesia belum terdiagnosis.}
}

@article{Alkaff2021,
  author  = {Alkaff, F. F. and Suwantika, A. A. and Abdulah, R. and Lestari, K.},
  title   = {Challenges and Opportunities in the Management of Diabetes Mellitus in Indonesia: A Systematic Review},
  journal = {Journal of Global Health Science},
  volume  = {3},
  number  = {2},
  pages   = {e25},
  year    = {2021},
  doi     = {10.35500/jghs.2021.3.e25}
}

@article{KSI2020,
  author       = {{Knowledge Sector Initiative}},
  title        = {Policy Brief: Diabetes Care and Management in Indonesia},
  journal      = {KSI Indonesia Policy Brief},
  year         = {2020},
  url          = {https://www.ksi-indonesia.org/en/publication/detail/diabetes-care-in-indonesia},
  note         = {Menunjukkan hanya sekitar 26\% penderita diabetes di Indonesia yang mengetahui status penyakitnya.}
}

@misc{BPBI,
        title = {Buku {Praktis} {Bahasa} {Indonesia} 1/{Kata} - {Wikisumber} bahasa {Indonesia}},
        url = {https://id.wikisource.org/wiki/Buku_Praktis_Bahasa_Indonesia_1/Kata},
        year = {2024},
        urldate = {2025-10-22},
}

@book{brynjolfsson2021machine,
  author       = {Erik Brynjolfsson and Andrew McAfee},
  title        = {The Machine, Platform, Crowd: Harnessing Our Digital Future},
  publisher    = {W. W. Norton \& Company},
  year         = {2021},
  address      = {New York},
  edition      = {Updated edition},
}

@book{shapiro2019information,
  author       = {Carl Shapiro and Hal R. Varian},
  title        = {Information Rules: A Strategic Guide to the Network Economy},
  publisher    = {Harvard Business School Press},
  year         = {2019},
  address      = {Boston},
}

@article{nguyen2022trust,
  author       = {Linh T. Nguyen and Sarah Patel},
  title        = {Trust, Privacy, and Data Ethics in AI Systems},
  journal      = {Ethics and Information Technology},
  volume       = {24},
  number       = {3},
  pages        = {315--332},
  year         = {2022},
  doi          = {10.1007/s10676-021-09612-8},
}

@article{williams2023supplychain,
  author       = {Thomas Williams and Priya Singh},
  title        = {Blockchain Applications for Transparent Supply Chains},
  journal      = {Journal of Operations Management},
  volume       = {74},
  number       = {2},
  pages        = {141--158},
  year         = {2023},
  doi          = {10.1016/j.jom.2023.01.005},
}

@inproceedings{rahman2024iot,
  author       = {Faisal Rahman and Julia Chen},
  title        = {Optimizing IoT Networks for Smart Cities},
  booktitle    = {Proceedings of the IEEE International Conference on Smart Infrastructure},
  year         = {2024},
  address      = {Tokyo, Japan},
  publisher    = {IEEE},
  pages        = {55--64},
  doi          = {10.1109/SI2024.9023417},
}

@incollection{miller2023cyber,
  author       = {Jason Miller},
  title        = {Cybersecurity Governance in Cloud Ecosystems},
  booktitle    = {Handbook of Information Systems Security},
  editor       = {Karen Chen and David Brooks},
  publisher    = {Springer},
  year         = {2023},
  address      = {Berlin},
  pages        = {181--205},
  doi          = {10.1007/978-3-031-11321-0_9},
}

@phdthesis{garcia2020ethics,
  author       = {Maria Garcia},
  title        = {Data Ethics in Machine Learning Systems},
  school       = {Massachusetts Institute of Technology},
  year         = {2020},
  address      = {Cambridge, MA},
  type         = {PhD dissertation},
}

@techreport{un2024ai,
  author       = {{United Nations Department of Economic and Social Affairs}},
  title        = {AI and Global Development: Policy Outlook 2024},
  institution  = {United Nations},
  year         = {2024},
  address      = {New York},
  url          = {https://www.un.org/ai-global-development-2024},
}

@manual{iso2023data,
  organization = {{International Organization for Standardization}},
  title        = {ISO/IEC 27001:2023 â€“ Information Security Management Systems},
  year         = {2023},
  address      = {Geneva},
  url          = {https://www.iso.org/standard/27001.html},
}

@online{worldbank2025report,
  author       = {{World Bank}},
  title        = {The Digital Economy Report 2025: Innovation, Inclusion, and Inequality},
  year         = {2025},
  url          = {https://www.worldbank.org/digital-economy-2025},
  note         = {Accessed October 22, 2025},
}

@misc{doe2025quantum,
  author       = {Jane Doe},
  title        = {The Rise of Quantum Computing Startups},
  howpublished = {\url{https://www.techinsights.com/articles/rise-of-quantum-computing-startups}},
  year         = {2025},
  note         = {Accessed October 20, 2025},
}

@article{nytimes2024aiethics,
  author       = {Alex Johnson},
  title        = {Tech Leaders Debate Regulation of Artificial Intelligence},
  journal      = {The New York Times},
  year         = {2024},
  month        = {March 15},
  url          = {https://www.nytimes.com/2024/03/15/technology/ai-regulation-debate.html},
  note         = {Accessed October 22, 2025},
}